@misc{Case,
   title = {S\&P/Case-Shiller Home Price Indices Methodology},
   publisher = {McGraw Hill Financial},
   url = {http://www.spindices.com/documents/methodologies/methodology-sp-cs-home-price-indices.pdf?force_download=true},
   year = {2015},
   type = {Generic}
}

@misc{Been,
   author = {Been, Vicki},
   title = {External Effects of Concentrated Mortgage Foreclosures: Evidence from New York City},
   publisher = {Furman Center for Real Estate and Urban Policy },
   pages = {28},
   month = {May 21, 2008},
   url = {http://www.neighborhoodindicators.org/system/files/publications/testimonybeen.pdf?download=1},
   year = {2008},
   type = {Hearing}
}

@techreport{OMB,
   author = {BUDGET, OFFICE OF MANAGEMENT AND},
   title = {OMB BULLETIN NO. 13-01},
   institution = {OFFICE OF MANAGEMENT AND BUDGET},
   type = {Bulletin},
   month = {Februrary 28, 2013},
   url = {https://www.whitehouse.gov/sites/default/files/omb/bulletins/2013/b-13-01.pdf},
   year = {2013},
   type = {Report}
}

@unpublished{Forces,
   author = {Cambell, John Y. and Giglio, Stefano and Pathak, Parag},
   title = {FORCED SALES AND HOUSE PRICES},
   booktitle = {NBER Working Paper Series},
   publisher = {National Bureau of Economic Research},
   pages = {45},
   url = {http://www.nber.org/papers/w14866.pdf},
   year = {2009},
   type = {Unpublished Work}
}

@misc{dataset
   author = {Daly, Tynan},
   title = {Aggregated Zillow Home Indicators},
   publisher = {Quandl, Inc.},
   url = {https://www.quandl.com/resources/api-for-housing-dataz},
   year = {2015},
   type = {Dataset}
}

@article{Hedonic,
   author = {de Hann, Jan and Diewert, Erwein},
   title = {Hedonic Regression Methods},
   journal = {Handbook of Residential Property Price Indices},
   pages = {14},
   url = {http://dx.doi.org/10.1787/9789264197183-en},
   year = {2013},
   type = {Journal Article}
}

@article{Foote,
   author = {Foote, Christopher L. and Gerardi, Kristopher and Willen, Paul S.},
   title = {Negative Equity and foreclosure: Theory and Evidence},
   journal = {Journal of Urban Economics},
   volume = {64},
   pages = {12},
   DOI = {10.1016/j.jue.2008.07.006},
   year = {2008},
   type = {Journal Article}
}

@article{Frame,
   author = {Frame, W. Scott},
   title = {Estimating the Effect of Mortgage Foreclosures on Nearby Property Values: A Critical Review of the Literature},
   journal = {Federal Reserve Bank of Atlanta: Economic Review},
   volume = {95},
   pages = {11},
   ISSN = {0732-1813},
   year = {2010},
   type = {Journal Article}
}

@article{
   author = {Gerardi, Kristopher and Shapiro, Adam Hale and Willen, Paul S.},
   title = {Subprime Outcomes: Risky Mortgages, Homeownership Experiences, and Foreclosures},
   journal = {Federal Reserve Bank of Boston},
   volume = {07},
   number = {15},
   pages = {63},
   year = {2008},
   type = {Journal Article}
}

@unpublished{Strat,
   author = {Goodstein, Ryan and Hanouna, Paul and Ramirez, Carlos D. and Stahel, Christof W.},
   title = {Contagion Effects in Strategic Default},
   booktitle = {Working Paper Series},
   publisher = {George Masion University},
   pages = {43},
   url = {http://ssrn.com/abstract=2229054},
   year = {2013},
   type = {Unpublished Work}
}

@article{ Chi,
   author = {Harding, John P. and Rosenblatt, Eric and Yao, Vincent W.},
   title = {The contagion effect of foreclosed properties},
   journal = {Journal of Urban Economics},
   volume = {66},
   number = {3},
   pages = {164-178},
   ISSN = {00941190},
   DOI = {10.1016/j.jue.2009.07.003},
   year = {2009},
   type = {Journal Article}
}

@article{
   author = {Im, Kyung So and Pesaran, M. Hashem and Shin, Yongcheol},
   title = {Testing for unit roots in heterogeneous panels},
   journal = {Journal of Econometrics},
   volume = {53},
   number = {74},
   pages = {22},
   DOI = {10.1016/S0304-4076(03)00092-7},
   year = {2003},
   type = {Journal Article}
}

@article{Immer,
   author = {Immergluck, Dan and Smith, Geoff},
   title = {The Impact of Single-family Mortgage Foreclosures on Neighborhood Crime},
   journal = {Housing Studies},
   volume = {21},
   number = {6},
   pages = {15},
   DOI = {10.1080/02673030600917743},
   url = {http://www.prism.gatech.edu/~di17/HousingStudies.pdf},
   year = {2006},
   type = {Journal Article}
}

@article{
   author = {Ivanov, Ventzislav and Kilian, Lutz},
   title = {A Practitioner’s Guide to Lag Order Selection For VAR Impulse Response Analysis},
   journal = {Studies in Nonlinear Dynamics & Econometrics},
   volume = {9},
   number = {1},
   pages = {36},
   year = {2005},
   type = {Journal Article}
}

@article{Crime,
   author = {Katz, Charles M. and Wallace, Danielle and Hedberg, E. C.},
   title = {A Longitudinal Assessment of the Impact of Foreclosure on Neighborhood Crime},
   journal = {Journal of Research in Crime and Delinquency},
   volume = {31},
   number = {1},
   pages = {31},
   DOI = {10.1177/0022427811431155},
   year = {2011},
   type = {Journal Article}
}

@article{Lee,
   author = {Lee, Kai-yan},
   title = {Foreclosure’s Price-Depressing Spillover Effects on Local Properties: A Literature Review},
   journal = {Federal Reserve Bank of Boston: Community Discussion Papers},
   volume = {2008},
   number = {1},
   pages = {14},
   url = {https://www.bostonfed.org/commdev/pcadp/2008/pcadp0801.pdf},
   year = {2008},
   type = {Journal Article}
}

@article{Leo,
   author = {Leonard, Tammy and Murdoch, James C.},
   title = {The neighborhood effects of foreclosure},
   journal = {Journal of Geographic Systems},
   volume = {11},
   pages = {16},
   DOI = {10.1007/s10109-009-0088-6},
   year = {2009},
   type = {Journal Article}
}

@article{ Spillover,
   author = {Lin, Zhenguo and Rosenblatt, Eric and Yao, Vincent W.},
   title = {Spillover Effects of Foreclosures on Neighborhood Property Values},
   journal = {Journal of Real Estate Finance and Economics},
   volume = {38},
   number = {4},
   pages = {36},
   url = {http://ssrn.com/abstract=1033437},
   year = {2009},
   type = {Journal Article}
}

@unpublished{paul
   author = {Marshall, Emily  and Shea, Paul},
   title = {Housing and Endogenous Default},
   publisher = {Bates College},
   pages = {34},
   year = {2014},
   type = {Unpublished Work}
}

@article{
   author = {Persyn, Damiann and Westerlund, Joakim},
   title = {Error-correction–based cointegration tests for panel data},
   journal = {The Stata Journal},
   volume = {8},
   number = {2},
   pages = {12},
   year = {2008},
   type = {Journal Article}
}

@article{Impact,
   author = {Rogers, William H. and Winter, William},
   title = {The Impact of Foreclosures on Neighboring Housing Sales},
   journal = {Journal Of Real Estate Research},
   volume = {31},
   number = {4},
   pages = {25},
   url = {http://ideas.repec.org/a/jre/issued/v31n42009p455-480.html},
   year = {2009},
   type = {Journal Article}
}

@article{Boston,
   author = {Towe, Charles and Lawley, Chad},
   title = {The Contagion Effect of Neighboring Foreclosures},
   journal = {American Economic Journal: Economic Policy},
   volume = {5},
   number = {2},
   pages = {313-335},
   ISSN = {1945-7731
1945-774X},
   DOI = {10.1257/pol.5.2.313},
   year = {2013},
   type = {Journal Article}
}

@article{Monson,
   author = {Monson, Matt},
   title = {Valuation Using Hedonic Pricing Models},
   journal = {Cornell Real Estate Review},
   volume = {7},
   number = {10},
   pages = {11},
   year = {2009},
   type = {Journal Article}
}

@article{Diwert,
   author = {Diewert, Erwei},
   title = {Hedonic Regressions: A Consumer Theory Approach},
   journal = {National Bureau of Economic Research},
   ISSN = {0-226-23965-9},
   year = {2003},
   type = {Journal Article}
}

@misc{news,
   author = {ROBISON, JENNIFER },
   title = {Nevada again posts one of higher foreclosure rates in U.S.},
   publisher = {GateHouse Media, Inc.},
   pages = {1},
   url = {http://www.reviewjournal.com/business/nevada-again-posts-one-higher-foreclosure-rates-us},
   year = {2014},
   type = {Newspaper Article}
}



